@misc{CUrWSL2017SL,
    title = {{2017 Story Map | CUrW SL}},
    author = {{CUrW SL}},
    url = {https://www.curwsl.org/public/2017-story-map/}
}

@article{Amazon_EKS,
    title = {{Amazon{\_}EKS}}
}

@article{Haggett1998AnWales,
    title = {{An Integrated Approach to Flood Forecasting and Warning in England and Wales}},
    year = {1998},
    journal = {Water and Environment Journal},
    author = {Haggett, C.},
    number = {6},
    month = {12},
    pages = {425--432},
    volume = {12},
    url = {http://doi.wiley.com/10.1111/j.1747-6593.1998.tb00211.x},
    doi = {10.1111/j.1747-6593.1998.tb00211.x},
    issn = {1747-6585}
}

@article{Horsburgh2009AnData,
    title = {{An integrated system for publishing environmental observations data}},
    year = {2009},
    journal = {Environmental Modelling {\&} Software},
    author = {Horsburgh, Jeffery S. and Tarboton, David G. and Piasecki, Michael and Maidment, David R. and Zaslavsky, Ilya and Valentine, David and Whitenack, Thomas},
    number = {8},
    month = {8},
    pages = {879--888},
    volume = {24},
    url = {https://linkinghub.elsevier.com/retrieve/pii/S1364815209000036},
    doi = {10.1016/j.envsoft.2009.01.002},
    issn = {13648152}
}

@article{PatriciaAMillerMichaelFBarthLeonA2005AnMiller,
    title = {{An update on MADIS observation ingest integration, quality control, and distribution capabilities | Patricia A. Miller}},
    year = {2005},
    author = {Patricia A, MillerMichael F, BarthLeon A, Benjamin},
    url = {https://www.researchgate.net/publication/242201622_An_update_on_MADIS_observation_ingest_integration_quality_control_and_distribution_capabilities}
}

@misc{DockerAppContainerization,
    title = {{App Containerization}},
    author = {{Docker}},
    url = {https://www.docker.com/resources/what-container}
}

@inproceedings{Macdermaid2005ArchitectureP2.39,
    title = {{Architecture Of MADIS Data Processing And Distribution At Fsl P2.39}},
    year = {2005},
    author = {Macdermaid, Chris H and Lipschutz, Robert C and Hildreth, Patrick and Ryan, Richard A and Stanley, Amenda B and Barth, Michael F and Miller, Patricia A},
    url = {https://pdfs.semanticscholar.org/d315/f09145089bff01d5dc211d6ac7dd78f220d0.pdf}
}

@misc{IBMContainerizationExplained,
    title = {{Containerization Explained}},
    author = {{IBM}},
    url = {https://www.ibm.com/cloud/learn/containerization}
}

@article{Plale2005CooperatingExperimentation,
    title = {{Cooperating Services for Data-Driven Computational Experimentation}},
    year = {2005},
    journal = {Computing in Science and Engineering},
    author = {Plale, B. and Gannon, D. and {Yi Huang} and Kandaswamy, G. and Lee Pallickara, S. and Slominski, A.},
    number = {5},
    month = {9},
    pages = {34--43},
    volume = {7},
    url = {http://ieeexplore.ieee.org/document/1501738/},
    doi = {10.1109/MCSE.2005.91},
    issn = {1521-9615}
}

@article{Bartholmes2005CouplingForecasting,
    title = {{Coupling meteorological and hydrological models for flood forecasting}},
    year = {2005},
    journal = {Hydrology and Earth System Sciences},
    author = {{Bartholmes} and {Todini}},
    number = {4},
    month = {10},
    pages = {333--346},
    volume = {9},
    url = {http://www.hydrol-earth-syst-sci.net/9/333/2005/},
    doi = {10.5194/hess-9-333-2005},
    issn = {1607-7938}
}

@misc{weaveworksCreatingEksctl,
    title = {{Creating and managing clusters | eksctl}},
    author = {{weaveworks}},
    url = {https://eksctl.io/usage/creating-and-managing-clusters/}
}

@article{Kawasaki2018DataReduction,
    title = {{Data integration and analysis system (DIAS) as a platform for data and model integration: Cases in the field of water resources management and disaster risk reduction}},
    year = {2018},
    journal = {Data Science Journal},
    author = {Kawasaki, Akiyuki and Koudelova, Petra and Tamakawa, Katsunori and Kitamoto, Asanobu and Ikoma, Eiji and Ikeuchi, Koji and Shibasaki, Ryosuke and Kitsuregawa, Masaru and Koike, Tosho},
    volume = {17},
    publisher = {Ubiquity Press},
    doi = {10.5334/dsj-2018-029},
    issn = {16831470},
    keywords = {Dam, Data and model integration, Flood control, Hydroelectric power, Platform}
}

@article{Kawasaki2017DataReduction,
    title = {{Data integration and analysis system (DIAS) contributing to climate change analysis and disaster risk reduction}},
    year = {2017},
    journal = {Data Science Journal},
    author = {Kawasaki, Akiyuki and Yamamoto, Akio and Koudelova, Petra and Acierto, Ralph and Nemoto, Toshihiro and Kitsuregawa, Masaru and Koike, Toshio},
    month = {9},
    volume = {16},
    publisher = {Ubiquity Press Ltd},
    doi = {10.5334/dsj-2017-041},
    issn = {16831470},
    keywords = {CMIP, Climate change, DIAS, Disaster risk reduction, Integration, Myanmar}
}

@misc{DeltaresPublicWikiDelft-FEWSGuide,
    title = {{Delft-FEWS Configuration Guide}},
    author = {{Deltares Public Wiki}},
    url = {https://publicwiki.deltares.nl/display/FEWSDOC/Delft-FEWS+Configuration+Guide}
}

@article{DavidJ.McLaughlinV.ChandrasekarKelvinDroegemeierStephenFrasierJimKuroseFrancescJunyentBrendaPhilipsSandraCruz-Pol2005DistributedHazards,
    title = {{Distributed Collaborative Adaptive Sensing (Dcas) For Improved Detection,Understanding, And Predicting Of Atmospheric Hazards}},
    year = {2005},
    journal = {Citeseer},
    author = {David J. McLaughlin, V. Chandrasekar, Kelvin Droegemeier, Stephen Frasier,Jim Kurose, Francesc Junyent, Brenda Philips, Sandra Cruz-Pol, Jose Colom},
    url = {https://www.academia.edu/18550307/P11._3_DISTRIBUTED_COLLABORATIVE_ADAPTIVE_SENSING_DCAS_FOR_IMPROVED_DETECTION_UNDERSTANDING_AND_PREDICTING_OF_}
}

@article{NaveendrakumarFiveLanka,
    title = {{Five Decadal Trends in Averages and Extremes of Rainfall andTemperature in Sri Lanka}},
    author = {Naveendrakumar, Gnanapragasam},
    url = {https://www.researchgate.net/publication/329964101_Five_Decadal_Trends_in_Averages_and_Extremes_of_Rainfall_and_Temperature_in_Sri_Lanka},
    doi = {10.1155/2018/4217917}
}

@misc{FLO2DFLO-2DSoftware,
    title = {{FLO-2D Software}},
    author = {{FLO2D}},
    url = {https://www.flo-2d.com/}
}

@incollection{Werner2005FloodCatchments,
    title = {{Flood Early Warning Systems for Hydrological (Sub) Catchments}},
    year = {2005},
    booktitle = {Encyclopedia of Hydrological Sciences},
    author = {Werner, Micha Guido Franciscus and Schellekens, Jaap and Kwadijk, Jacob Cornelis Jan},
    month = {10},
    publisher = {John Wiley {\&} Sons, Ltd},
    url = {http://doi.wiley.com/10.1002/0470848944.hsa022},
    address = {Chichester, UK},
    doi = {10.1002/0470848944.hsa022}
}

@misc{InternetEngineeringTaskForceGeoJSON,
    title = {{GeoJSON}},
    author = {{Internet Engineering Task Force}},
    url = {https://geojson.org/}
}

@misc{GoogleGoogleCounties,
    title = {{Google Public Dataset - Counties}},
    author = {{Google}},
    url = {https://developers.google.com/public-data/docs/canonical/countries_csv}
}

@misc{CNCFHelmDocs,
    title = {{Helm Docs}},
    author = {{CNCF}},
    url = {https://helm.sh/}
}

@misc{influxdbInfluxDBDocumentation,
    title = {{InfluxDB documentation | InfluxData Documentation}},
    author = {{influxdb}},
    url = {https://docs.influxdata.com/influxdb/}
}

@article{A.E.RizzoliG.LeavesleyJ.C.AscoughIIR.M.ArgentI.N.AthanasiadisV.BrilhanteF.H.A.ClaeysO.DavidM.DonatelliP.GijsbersD.HavlikA.KassahunP.KrauseN.W.T.QuinnH.ScholtenR.S.Sojda2008IntegratedSupport,
    title = {{Integrated Modelling Frameworks for Environmental Assessment and Decision Support}},
    year = {2008},
    journal = {OAI},
    author = {A. E. Rizzoli, G. Leavesley, J. C. Ascough II, R. M. Argent, I. N. Athanasiadis, V. Brilhante, F. H. A. Claeys, O. David, M. Donatelli, P. Gijsbers, D. Havlik, A. Kassahun, P. Krause, N. W. T. Quinn, H. Scholten, R. S. Sojda, F. Villa},
    volume = {June},
    url = {https://www.researchgate.net/publication/40095439_Integrated_Modelling_Frameworks_for_Environmental_Assessment_and_Decision_Support}
}

@article{Argent1999IntegratedDesign,
    title = {{Integrated models for environmental management: Issues of process and design}},
    year = {1999},
    journal = {Environment International},
    author = {Argent, R.M. and Grayson, R.B. and Ewing, S.A.},
    number = {6-7},
    month = {9},
    pages = {693--699},
    volume = {25},
    url = {https://linkinghub.elsevier.com/retrieve/pii/S0160412099000525},
    doi = {10.1016/S0160-4120(99)00052-5}
}

@article{Kokkonen2003InterfacingXML,
    title = {{Interfacing environmental simulation models and databases using XML}},
    year = {2003},
    journal = {Environmental Modelling {\&} Software},
    author = {Kokkonen, T. and Jolma, A. and Koivusalo, H.},
    number = {5},
    month = {6},
    pages = {463--471},
    volume = {18},
    url = {https://linkinghub.elsevier.com/retrieve/pii/S1364815203000203},
    doi = {10.1016/S1364-8152(03)00020-3},
    issn = {13648152}
}

@article{Locations,
    title = {{locations}}
}

@misc{LinuxFoundationManagingKubernetes,
    title = {{Managing Compute Resources for Containers - Kubernetes}},
    author = {{Linux Foundation}},
    url = {https://kubernetes.io/docs/concepts/configuration/manage-compute-resources-container/}
}

@misc{LewisMicroservices,
    title = {{Microservices}},
    author = {Lewis, James and Fowler, Martin},
    url = {https://martinfowler.com/articles/microservices.html}
}

@misc{LewisMicroservicesManagement,
    title = {{Microservices - Decentralized Data Management}},
    author = {Lewis, James and Fowler, Martin},
    url = {https://martinfowler.com/articles/microservices.html#DecentralizedDataManagement}
}

@misc{LewisMicroservicesPipes,
    title = {{Microservices - Smart endpoints and dumb pipes}},
    author = {Lewis, James and Fowler, Martin},
    url = {https://martinfowler.com/articles/microservices.html#SmartEndpointsAndDumbPipes}
}

@misc{RichardsonMicroservicesService,
    title = {{Microservices pattern: Database per service}},
    author = {Richardson, Chris},
    url = {https://microservices.io/patterns/data/database-per-service.html}
}

@misc{RichardsonMicroservicesSagas,
    title = {{Microservices pattern: Sagas}},
    author = {Richardson, Chris},
    url = {https://microservices.io/patterns/data/saga.html}
}

@misc{mongodbMongoDBManual,
    title = {{MongoDB Geospatial Queries Manual}},
    author = {{mongodb}},
    url = {https://docs.mongodb.com/manual/geospatial-queries/}
}

@misc{CUrWSLObservedSL,
    title = {{Observed Rainfall | CUrW SL}},
    author = {{CUrW SL}},
    url = {https://www.curwsl.org/public/observed-rainfall/}
}

@misc{WiermanOpenModels,
    title = {{open vs. closed system models}},
    author = {Wierman, Adam},
    url = {http://users.cms.caltech.edu/~adamw/publications-openclosed.html}
}

@misc{LinuxFoundationPersistentKubernetes,
    title = {{Persistent Volumes - Kubernetes}},
    author = {{Linux Foundation}},
    url = {https://kubernetes.io/docs/concepts/storage/persistent-volumes/#access-modes}
}

@misc{LinuxFoundationProduction-GradeKubernetes,
    title = {{Production-Grade Container Orchestration - Kubernetes}},
    author = {{Linux Foundation}},
    url = {https://kubernetes.io/}
}

@misc{redisRedisDocumentation,
    title = {{Redis Documentation}},
    author = {{redis}},
    url = {https://redis.io/}
}

@article{Droegemeier2005Service-OrientedWeather,
    title = {{Service-Oriented Environments for Dynamically Interacting with Mesoscale Weather}},
    year = {2005},
    journal = {Computing in Science and Engineering},
    author = {Droegemeier, K.K. and Gannon, D. and Reed, D. and Plale, B. and Alameda, J. and Baltzer, T. and Brewster, K. and Clark, R. and Domenico, B. and Graves, S. and Joseph, E. and Murray, D. and Ramachandran, R. and Ramamurthy, M. and Ramakrishnan, L. and Rushing, J.A. and Weber, D. and Wilhelmson, R. and Wilson, A. and Xue, M. and Yalda, S.},
    number = {6},
    month = {11},
    pages = {12--29},
    volume = {7},
    url = {http://ieeexplore.ieee.org/document/1524855/},
    doi = {10.1109/MCSE.2005.124},
    issn = {1521-9615}
}

@article{Werner2013TheSystem,
    title = {{The Delft-FEWS flow forecasting system}},
    year = {2013},
    journal = {Environmental Modelling and Software},
    author = {Werner, M. and Schellekens, J. and Gijsbers, P. and van Dijk, M. and van den Akker, O. and Heynert, K.},
    month = {2},
    pages = {65--77},
    volume = {40},
    publisher = {Elsevier},
    doi = {10.1016/j.envsoft.2012.07.010},
    issn = {13648152},
    keywords = {Data standards, Flow forecasting, Hydrological modelling, Model integration, Operational hydrology}
}

@misc{RichardsonChrisTheCube,
    title = {{The Scale Cube}},
    author = {{Richardson Chris}},
    url = {https://microservices.io/articles/scalecube.html}
}

@article{2005To2005,
    title = {{To be presented at the 21st International Conference on Interactive Information and Processing Systems for Meteorology, Oceanography, and Hydrology (IIPS) January 9 - 13, 2005,}},
    year = {2005},
    journal = {Integration The Vlsi Journal}
}

@misc{JMeterPluginsTransactionPlugin,
    title = {{Transaction Throughput vs Threads Plugin}},
    author = {{JMeter Plugins}},
    url = {https://jmeter-plugins.org/wiki/TransactionThroughputVsThreads/}
}

@misc{unidataUnidataNetCDF,
    title = {{Unidata | NetCDF}},
    author = {{unidata}},
    url = {https://www.unidata.ucar.edu/software/netcdf/}
}

@misc{KarunarathneWdias-helm-charts:Deployments,
    title = {{wdias-helm-charts: Helm Charts for WDIAS deployments}},
    author = {Karunarathne, Gihan},
    url = {https://github.com/wdias/wdias-helm-charts}
}

@misc{KarunarathneWdias-performance-test/TEST_PLAN.md:Plan,
    title = {{wdias-performance-test/TEST{\_}PLAN.md: Performance Test Plan}},
    author = {Karunarathne, Gihan},
    url = {https://github.com/wdias/wdias-performance-test/blob/master/test-plan/TEST_PLAN.md}
}

@misc{KarunarathneWdias/Amazon_EKS.md:EKS,
    title = {{wdias/Amazon{\_}EKS.md: WDIAS setup on Amazon EKS}},
    author = {Karunarathne, Gihan},
    url = {https://github.com/wdias/wdias/blob/master/docs/Amazon_EKS.md}
}

@misc{KarunarathneGihanWdias/wdias-performance-test:JMeter.,
    title = {{wdias/wdias-performance-test: Distributed performance testing based on JMeter.}},
    author = {{Karunarathne Gihan}},
    url = {https://github.com/wdias/wdias-performance-test}
}

@misc{KarunarathneWdias/wdias:System,
    title = {{wdias/wdias: WDIAS - Weather Data Integration and Assimilation System}},
    author = {Karunarathne, Gihan},
    url = {https://github.com/wdias/wdias}
}

@misc{MesoscaleMicroscaleMeteorologyLaboratoryWeatherModel,
    title = {{Weather Research and Forecasting Model}},
    author = {{Mesoscale {\&} Microscale Meteorology Laboratory}},
    url = {https://www.mmm.ucar.edu/weather-research-and-forecasting-model}
}

@misc{Akka.ioWhenCluster,
    title = {{When and where to use Akka Cluster}},
    booktitle = {Akka.io},
    author = {{Akka.io}},
    url = {https://doc.akka.io/docs/akka/2.5/cluster-usage.html#when-and-where-to-use-akka-cluster}
}

@misc{HewittWhyModel,
    title = {{Why modern systems need a new programming model}},
    author = {Hewitt, Carl},
    url = {https://doc.akka.io/docs/akka/2.5.5/scala/guide/actors-motivation.html}
}